@inproceedings{serrano2013ubiquitous,
  title={Ubiquitous, Pervasive and Mobile Computing: A Reusable-Models-based Non-Functional Catalogue.},
  author={Serrano, Milene and Serrano, Maur{\'\i}cio},
  booktitle={ER@ BR},
  year={2013},
  organization={Citeseer}
}

@article{torres2014nfr,
  title={NFR catalogues for RFID middleware},
  author={Torres, Renato Cristiano and Martins, Luiz Eduardo Galv{\~a}o},
  journal={Journal of Computer Science and Technology},
  volume={14},
  number={02},
  pages={102--108},
  year={2014},
  publisher={Universidad Nacional de La Plata}
}